<?xml version = "1.0" encoding = "UTF-8"?><OAI-PMH xmlns="http://www.openarchives.org/OAI/2.0/" xmlns:xsi="http://www.w3.org/2001/XMLSchema-instance" xsi:schemaLocation="http://www.openarchives.org/OAI/2.0/ http://www.openarchives.org/OAI/2.0/OAI-PMH.xsd"><ListRecords><record><header><identifier>aleph-publish:037329091</identifier></header><metadata><record xmlns="http://www.ddb.de/professionell/mabxml/mabxml-1.xsd"><leader>00000nM2.01200024------h</leader><controlfield tag="LDR">00000nM2.01200024------h</controlfield><controlfield tag="FMT">MH</controlfield><datafield tag="001" ind1="-" ind2="1"><subfield code="a">HT021137663</subfield></datafield><datafield tag="002" ind1="a" ind2="1"><subfield code="a">20211108</subfield></datafield><datafield tag="003" ind1="-" ind2="1"><subfield code="a">20211220</subfield></datafield><datafield tag="025" ind1="a" ind2="1"><subfield code="a">1242883525</subfield></datafield><datafield tag="026" ind1="-" ind2="1"><subfield code="a">DNB1242883525</subfield></datafield><controlfield tag="030">a||ur||||||37</controlfield><datafield tag="036" ind1="a" ind2="1"><subfield code="a">XA-DE-BE</subfield></datafield><datafield tag="037" ind1="b" ind2="1"><subfield code="a">ger</subfield></datafield><controlfield tag="050">a|a|||||||||||</controlfield><controlfield tag="051">m|||||||</controlfield><datafield tag="060" ind1="-" ind2="1"><subfield code="b">txt</subfield><subfield code="a">Text</subfield></datafield><datafield tag="061" ind1="-" ind2="1"><subfield code="b">n</subfield><subfield code="a">ohne Hilfsmittel zu benutzen</subfield></datafield><datafield tag="062" ind1="-" ind2="1"><subfield code="b">nc</subfield><subfield code="a">Band</subfield></datafield><datafield tag="064" ind1="a" ind2="1"><subfield code="a">Quelle</subfield><subfield code="9">(DE-588)4135952-5</subfield></datafield><datafield tag="070" ind1="-" ind2="1"><subfield code="a">6</subfield></datafield><datafield tag="070" ind1="b" ind2="1"><subfield code="a">6</subfield></datafield><datafield tag="078" ind1="n" ind2="1"><subfield code="a">NWBib-6</subfield></datafield><datafield tag="080" ind1="-" ind2="1"><subfield code="a">60</subfield></datafield><datafield tag="100" ind1="b" ind2="1"><subfield code="a">Studier, Ronny</subfield><subfield code="4">edt</subfield><subfield code="3">Herausgeber</subfield></datafield><datafield tag="331" ind1="-" ind2="1"><subfield code="a">Landesnaturschutzgesetz Nordrhein-Westfalen (LNatSchG NRW)</subfield></datafield><datafield tag="335" ind1="-" ind2="1"><subfield code="a">Gesetz zum Schutz der Natur in Nordrhein-Westfalen</subfield></datafield><datafield tag="359" ind1="-" ind2="1"><subfield code="a">verantwortlich für den Inhalt: Ronny Studier</subfield></datafield><datafield tag="419" ind1="-" ind2="1"><subfield code="a">Berlin</subfield><subfield code="b">RS Publishing</subfield><subfield code="c">2021</subfield></datafield><datafield tag="425" ind1="a" ind2="1"><subfield code="a">2021</subfield></datafield><datafield tag="433" ind1="-" ind2="1"><subfield code="a">83 Seiten</subfield></datafield><datafield tag="435" ind1="-" ind2="1"><subfield code="a">19 cm x 12.5 cm, 111 g</subfield></datafield><datafield tag="451" ind1="-" ind2="1"><subfield code="a">Landesrecht Nordrhein-Westfalen</subfield></datafield><datafield tag="461" ind1="-" ind2="1"><subfield code="a">Gesetzestexte</subfield></datafield><datafield tag="540" ind1="a" ind2="1"><subfield code="a">978-3-7549-0667-5</subfield><subfield code="b">: EUR 6.99 (DE), EUR 6.99 (AT)</subfield></datafield><datafield tag="540" ind1="a" ind2="1"><subfield code="a">3-7549-0667-4</subfield></datafield><datafield tag="553" ind1="a" ind2="1"><subfield code="a">9783754906675</subfield></datafield><datafield tag="574" ind1="-" ind2="1"><subfield code="a">21,N41</subfield></datafield><datafield tag="655" ind1="e" ind2="1"><subfield code="m">X:MVB</subfield><subfield code="q">text/html</subfield><subfield code="u">http://deposit.dnb.de/cgi-bin/dokserv?id=5f07f1078247432e99a170fc63aab53d&amp;prov=M&amp;dok_var=1&amp;dok_ext=htm</subfield><subfield code="3">Inhaltstext</subfield><subfield code="A">2</subfield></datafield><datafield tag="655" ind1="e" ind2="1"><subfield code="m">X:MVB</subfield><subfield code="q">text/html</subfield><subfield code="u">http://www.epubli.de/shop/isbn/9783754906675</subfield><subfield code="3">Inhaltstext</subfield><subfield code="A">2</subfield></datafield><datafield tag="655" ind1="e" ind2="1"><subfield code="m">X:MVB</subfield><subfield code="u">http://www.epubli.de</subfield><subfield code="A">2</subfield></datafield><datafield tag="655" ind1="e" ind2="1"><subfield code="m">X:MVB</subfield><subfield code="u">http://www.epubli.de</subfield><subfield code="A">2</subfield></datafield><datafield tag="655" ind1="e" ind2="1"><subfield code="m">X:MVB</subfield><subfield code="u">http://www.epubli.de/shop/isbn/9783754906675</subfield><subfield code="A">2</subfield></datafield><datafield tag="677" ind1="-" ind2="1"><subfield code="k">epubli GmbH</subfield><subfield code="9">(DE-588)106492235X</subfield><subfield code="4">pbl</subfield><subfield code="3">Verlag</subfield></datafield><datafield tag="700" ind1="-" ind2="1"><subfield code="a">340</subfield><subfield code="2">DNB</subfield></datafield><datafield tag="700" ind1="n" ind2="1"><subfield code="a">Nordrhein-Westfalen</subfield><subfield code="0">https://nwbib.de/spatial#N01</subfield></datafield><datafield tag="700" ind1="n" ind2="1"><subfield code="a">Naturschutz. Landschaftspflege</subfield><subfield code="0">https://nwbib.de/subjects#N584000</subfield></datafield><datafield tag="720" ind1="-" ind2="1"><subfield code="a">Naturschutzgesetz NRW</subfield></datafield><datafield tag="720" ind1="-" ind2="1"><subfield code="a">Landesnaturschutzgesetz NRW</subfield></datafield><datafield tag="720" ind1="-" ind2="1"><subfield code="a">Naturschutz NRW</subfield></datafield><datafield tag="720" ind1="-" ind2="1"><subfield code="a">Umweltrecht NRW</subfield></datafield><datafield tag="720" ind1="-" ind2="1"><subfield code="a">Landesnaturschutzgesetz Nordrhein-Westfalen</subfield></datafield><datafield tag="720" ind1="-" ind2="1"><subfield code="a">Umweltschutz NRW</subfield></datafield><datafield tag="720" ind1="-" ind2="1"><subfield code="a">Artenschutz NRW</subfield></datafield><datafield tag="902" ind1="-" ind2="1"><subfield code="k">Nordrhein-Westfalen</subfield><subfield code="t">Landesnaturschutzgesetz</subfield><subfield code="9">(DE-588)1115809466</subfield></datafield><controlfield tag="SYS">037329091</controlfield><datafield tag="952" ind1="-" ind2="1"><subfield code="k">Nordrhein-Westfalen</subfield><subfield code="t">Gesetz zum Schutz der Natur in Nordrhein-Westfalen und zur Änderung anderer Vorschriften</subfield></datafield><datafield tag="952" ind1="-" ind2="1"><subfield code="k">Nordrhein-Westfalen</subfield><subfield code="t">LNatSchG NRW</subfield></datafield><datafield tag="088" ind1=" " ind2=" "><subfield code="a">6</subfield><subfield code="c">3L 28705</subfield><subfield code="e">keine Angabe</subfield></datafield></record></metadata></record></ListRecords></OAI-PMH>